@string {ASPLOS = "  Int'l Conference on Architectural 
		Support for Programming Languages and Operation Systems (ASPLOS)"}

@string {ISCA = "  Int'l Symposium on Computer Architecture (ISCA)"}

@string {MICRO = "  Int'l Symposium on Microarchitecture (MICRO)"}

@string {HPCA = "  Int'l Symposium on High-Performance Computer Architecture (HPCA)"}

@string {ICCD = "  Int'l Conference on Computer Design (ICCD)"}

@string {PACT = "  Int'l Conference on Parallel 
                   Architectures and Compilation Techniques (PACT)"}

@string {UTCS = "Department of Computer Sciences, The University of Texas at Austin"}
@string {UTECE = "Department of Electrical and Computer Engineering, The University of Texas at Austin"}

@string {PPoPP = "  Symposium on Principles and Practice of Parallel Programming (PPOPP)"}

@string {ISSCC = "  Int'l Solid State Circuits Conference (ISSCC)"}

@string {SOSP = "  ACM Symposium on Operating System Principles (SOSP)"}

@string {JSSC = "IEEE Journal of Solid-State Circuits"}

@string {SC = "Supercomputing"}


@inproceedings{ Legion12,
  author = {Bauer, Michael and Treichler, Sean and Slaughter, Elliott and Aiken, Alex},
  title = {Legion: Expressing Locality and Independence with Logical Regions},
  booktitle = {Proceedings of the International Conference on High Performance Computing, Networking, Storage and Analysis},
  series = {SC '12},
  year = {2012},
  isbn = {978-1-4673-0804-5},
  location = {Salt Lake City, Utah},
  pages = {66:1--66:11},
  articleno = {66},
  numpages = {11},
  howpublished = "\url{http://dl.acm.org/citation.cfm?id=2388996.2389086}",
  acmid = {2389086},
  publisher = {IEEE Computer Society Press},
  address = {Los Alamitos, CA, USA},
} 

@inproceedings{ LegionTypes13,
  author = {Treichler, Sean and Bauer, Michael and Aiken, Alex},
  title = {Language Support for Dynamic, Hierarchical Data Partitioning},
  booktitle = {Proceedings of the 2013 ACM SIGPLAN International Conference on Object Oriented Programming Systems Languages and Applications},
  series = {OOPSLA '13},
  year = {2013},
  isbn = {978-1-4503-2374-1},
  location = {Indianapolis, Indiana, USA},
  pages = {495--514},
  numpages = {20},
  howpublished = "\url{http://doi.acm.org/10.1145/2509136.2509545}",
  doi = {10.1145/2509136.2509545},
  acmid = {2509545},
  publisher = {ACM},
  address = {New York, NY, USA},
  keywords = {aliasing, coherence, data partitioning, hierarchical scheduling, independence, legion, regions, type system},
} 

@inproceedings{ LegionFields14,
  author = {Bauer, Michael and Treichler, Sean and Slaughter, Elliott and Aiken, Alex},
  title = {Structure Slicing: Extending Logical Regions with Fields},
  booktitle = {Proceedings of the International Conference on High Performance Computing, Networking, Storage and Analysis},
  series = {SC '14},
  year = {2014},
  isbn = {978-1-4799-5500-8},
  location = {New Orleans, Louisiana},
  publisher = {IEEE Computer Society Press},
  address = {Los Alamitos, CA, USA},
} 

@inproceedings{Singe14,
  author = {Bauer, Michael and Treichler, Sean and Aiken, Alex},
  title = {Singe: Leveraging Warp Specialization for High Performance on GPUs},
  booktitle = {Proceedings of the 19th ACM SIGPLAN Symposium on Principles and Practice of Parallel Programming},
  series = {PPoPP '14},
  year = {2014},
  isbn = {978-1-4503-2656-8},
  location = {Orlando, Florida, USA},
  pages = {119--130},
  numpages = {12},
  howpublished = "\url{http://doi.acm.org/10.1145/2555243.2555258}",
  doi = {10.1145/2555243.2555258},
  acmid = {2555258},
  publisher = {ACM},
  address = {New York, NY, USA},
  keywords = {DSL, GPU, warp specialization, warp-specializing compiler},
} 


@article{Metis98,
   author = {Karypis, G. and Kumar, V.},
   title = {A Fast and High Quality Multilevel Scheme for Partitioning Irregular Graphs},
   journal = {SIAM J. Sci. Comput.},
   year = {1998},
} 

@inbook{Pennant13, 
  title={The {PENNANT} Mini-App: Unstructured Mesh Hydrodynamics for Advanced Architectures (U)}, 
  url={http://www.osti.gov/scitech/servlets/purl/1059398}, 
  author={Ferenbaugh, Charles R. [Los Alamos National Laboratory]}, 
  year={2013}, 
  month={Jan}
}

@book{HackersDelight,
 author = {Warren, Henry S.},
 title = {Hacker's Delight},
 year = {2012},
 isbn = {0321842685},
 publisher = {Addison-Wesley Longman Publishing Co., Inc.},
 address = {Boston, MA, USA},
} 

@article{CRDT09,
 author    = {Mihai Letia and
              Nuno M. Pregui\c{c}a and
              Marc Shapiro},
 title     = {{CRDT}s: Consistency without concurrency control},
 journal   = {CoRR},
 volume    = {abs/0907.0929},
 year      = {2009},
 ee        = {http://arxiv.org/abs/0907.0929},
}

@inproceedings{ SSMP10,
  author = {Perez, Josep M. and Badia, Rosa M. and Labarta, Jesus},
  title = {Handling Task Dependencies Under Strided and Aliased References},
  booktitle = {Proceedings of the 24th ACM International Conference on Supercomputing},
  series = {ICS '10},
  year = {2010},
  isbn = {978-1-4503-0018-6},
  location = {Tsukuba, Ibaraki, Japan},
  pages = {263--274},
  numpages = {12},
  howpublished = "\url{http://doi.acm.org/10.1145/1810085.1810122}",
  doi = {10.1145/1810085.1810122},
  acmid = {1810122},
  publisher = {ACM},
  address = {New York, NY, USA},
  keywords = {dependencies, discontiguous data, domains, parallelism, region tree, regions, tasks},
} 

@inproceedings{ Habanero11,
  author = {Cav{\'e}, Vincent and Zhao, Jisheng and Shirako, Jun and Sarkar, Vivek},
  title = {Habanero-{Java}: The New Adventures of Old X10},
  booktitle = {Proceedings of the 9th International Conference on Principles and Practice of Programming in {Java}},
  series = {PPPJ '11},
  year = {2011},
  isbn = {978-1-4503-0935-6},
  location = {Kongens Lyngby, Denmark},
  pages = {51--61},
  numpages = {11},
  howpublished = "\url{http://doi.acm.org/10.1145/2093157.2093165}",
  doi = {10.1145/2093157.2093165},
  acmid = {2093165},
  publisher = {ACM},
  address = {New York, NY, USA},
  keywords = {data-race detection, language, parallel programming},
} 

@inproceedings{ Liszt11,
 author = {DeVito, Zachary and Joubert, Niels and Palacios, Francisco and Oakley, Stephen and Medina, Montserrat and Barrientos, Mike and Elsen, Erich and Ham, Frank and Aiken, Alex and Duraisamy, Karthik and Darve, Eric and Alonso, Juan and Hanrahan, Pat},
 title = {Liszt: A Domain Specific Language for Building Portable Mesh-based {PDE} Solvers},
 booktitle = {Proceedings of 2011 International Conference for High Performance Computing, Networking, Storage and Analysis},
 series = {SC '11},
 year = {2011},
 isbn = {978-1-4503-0771-0},
 location = {Seattle, Washington},
 pages = {9:1--9:12},
 articleno = {9},
 numpages = {12},
 howpublished = "\url{http://doi.acm.org/10.1145/2063384.2063396}",
 doi = {10.1145/2063384.2063396},
 acmid = {2063396},
 publisher = {ACM},
 address = {New York, NY, USA},
 keywords = {compiler analysis and program transformations, programming and runtime environments for high performance and high throughput computing},
} 

@inproceedings{ TAM91,
  author = {Culler, David E. and Sah, Anurag and Schauser, Klaus E. and von Eicken, Thorsten and Wawrzynek, John},
  title = {Fine-grain Parallelism with Minimal Hardware Support: A Compiler-controlled Threaded Abstract Machine},
  booktitle = {Proceedings of the Fourth International Conference on Architectural Support for Programming Languages and Operating Systems},
  series = {ASPLOS IV},
  year = {1991},
  isbn = {0-89791-380-9},
  location = {Santa Clara, California, USA},
  pages = {164--175},
  numpages = {12},
  howpublished = "\url{http://doi.acm.org/10.1145/106972.106990}",
  doi = {10.1145/106972.106990},
  acmid = {106990},
  publisher = {ACM},
  address = {New York, NY, USA},
} 

@article{ Jade98,
  author = {Rinard, Martin C. and Lam, Monica S.},
  title = {The Design, Implementation, and Evaluation of Jade},
  journal = {ACM Trans. Program. Lang. Syst.},
  issue_date = {May 1998},
  volume = {20},
  number = {3},
  month = may,
  year = {1998},
  issn = {0164-0925},
  pages = {483--545},
  numpages = {63},
  howpublished = "\url{http://doi.acm.org/10.1145/291889.291893}",
  doi = {10.1145/291889.291893},
  acmid = {291893},
  publisher = {ACM},
  address = {New York, NY, USA},
  keywords = {parallel computing, parallel programming languages},
} 

@article{GRAMPS09,
  author = {Sugerman, Jeremy and Fatahalian, Kayvon and Boulos, Solomon and Akeley, Kurt and Hanrahan, Pat},
  title = {{GRAMPS}: A Programming Model for Graphics Pipelines},
  journal = {ACM Trans. Graph.},
  issue_date = {January 2009},
  volume = {28},
  number = {1},
  month = feb,
  year = {2009},
  issn = {0730-0301},
  pages = {4:1--4:11},
  articleno = {4},
  numpages = {11},
  howpublished = "\url{http://doi.acm.org/10.1145/1477926.1477930}",
  doi = {10.1145/1477926.1477930},
  acmid = {1477930},
  publisher = {ACM},
  address = {New York, NY, USA},
  keywords = {GPUs, Graphics pipelines, many-core architectures, parallel programming, stream computing},
} 

@inproceedings{ Cilk98,
  author = {Frigo, Matteo and Leiserson, Charles E. and Randall, Keith H.},
  title = {The Implementation of the {Cilk}-5 Multithreaded Language},
  booktitle = {Proceedings of the ACM SIGPLAN 1998 Conference on Programming Language Design and Implementation},
  series = {PLDI '98},
  year = {1998},
  isbn = {0-89791-987-4},
  location = {Montreal, Quebec, Canada},
  pages = {212--223},
  numpages = {12},
  howpublished = "\url{http://doi.acm.org/10.1145/277650.277725}",
  doi = {10.1145/277650.277725},
  acmid = {277725},
  publisher = {ACM},
  address = {New York, NY, USA},
  keywords = {critical path, multithreading, parallel computing, programming language, runtime system, work},
} 

@inproceedings{ Galois11,
  author = {Pingali, Keshav and Nguyen, Donald and Kulkarni, Milind and Burtscher, Martin and Hassaan, M. Amber and Kaleem, Rashid and Lee, Tsung-Hsien and Lenharth, Andrew and Manevich, Roman and M{\'e}ndez-Lojo, Mario and Prountzos, Dimitrios and Sui, Xin},
  title = {The Tao of Parallelism in Algorithms},
  booktitle = {Proceedings of the 32Nd ACM SIGPLAN Conference on Programming Language Design and Implementation},
  series = {PLDI '11},
  year = {2011},
  isbn = {978-1-4503-0663-8},
  location = {San Jose, California, USA},
  pages = {12--25},
  numpages = {14},
  howpublished = "\url{http://doi.acm.org/10.1145/1993498.1993501}",
  doi = {10.1145/1993498.1993501},
  acmid = {1993501},
  publisher = {ACM},
  address = {New York, NY, USA},
  keywords = {amorphous data-parallelism, galois system, irregular programs, operator formulation, tao-analysis},
} 

@inproceedings{X1005,
  author = {Charles, Philippe and Grothoff, Christian and Saraswat, Vijay and Donawa, Christopher and Kielstra, Allan and Ebcioglu, Kemal and von Praun, Christoph and Sarkar, Vivek},
  title = {X10: An Object-oriented Approach to Non-uniform Cluster Computing},
  booktitle = {Proceedings of the 20th Annual ACM SIGPLAN Conference on Object-oriented Programming, Systems, Languages, and Applications},
  series = {OOPSLA '05},
  year = {2005},
  isbn = {1-59593-031-0},
  location = {San Diego, CA, USA},
  pages = {519--538},
  numpages = {20},
  howpublished = "\url{http://doi.acm.org/10.1145/1094811.1094852}",
  doi = {10.1145/1094811.1094852},
  acmid = {1094852},
  publisher = {ACM},
  address = {New York, NY, USA},
  keywords = {{Java}, X10, atomic blocks, clocks, data distribution, multithreading, non-uniform cluster computing (NUCC), partitioned global address space (PGAS), places, productivity, scalability},
} 

@inproceedings{ HPT09,
  author = {Yan, Yonghong and Zhao, Jisheng and Guo, Yi and Sarkar, Vivek},
  title = {Hierarchical Place Trees: A Portable Abstraction for Task Parallelism and Data Movement},
  booktitle = {Proceedings of the 22nd International Conference on Languages and Compilers for Parallel Computing},
  series = {LCPC'09},
  year = {2010},
  isbn = {3-642-13373-8, 978-3-642-13373-2},
  location = {Newark, DE},
  pages = {172--187},
  numpages = {16},
  howpublished = "\url{http://dx.doi.org/10.1007/978-3-642-13374-9_12}",
  doi = {10.1007/978-3-642-13374-9_12},
  acmid = {2155259},
  publisher = {Springer-Verlag},
  address = {Berlin, Heidelberg},
} 

@inproceedings{ Tarragon06,
  author = {Cicotti, Pietro and Baden, Scott B.},
  title = {Asynchronous Programming with {Tarragon}},
  booktitle = {Proceedings of the 2006 ACM/IEEE Conference on Supercomputing},
  series = {SC '06},
  year = {2006},
  isbn = {0-7695-2700-0},
  location = {Tampa, Florida},
  articleno = {159},
  howpublished = "\url{http://doi.acm.org/10.1145/1188455.1188620}",
  doi = {10.1145/1188455.1188620},
  acmid = {1188620},
  publisher = {ACM},
  address = {New York, NY, USA},
} 

@inproceedings{ Charm93,
  author = {Kale, Laxmikant V. and Krishnan, Sanjeev},
  title = {CHARM++: A Portable Concurrent Object Oriented System Based on {C++}},
  booktitle = {Proceedings of the Eighth Annual Conference on Object-oriented Programming Systems, Languages, and Applications},
  series = {OOPSLA '93},
  year = {1993},
  isbn = {0-89791-587-9},
  location = {Washington, D.C., USA},
  pages = {91--108},
  numpages = {18},
  howpublished = "\url{http://doi.acm.org/10.1145/165854.165874}",
  doi = {10.1145/165854.165874},
  acmid = {165874},
  publisher = {ACM},
  address = {New York, NY, USA},
} 

@article{ Id90,
  author = {Arvind, K. and Nikhil, Rishiyur S.},
  title = {Executing a Program on the {MIT} Tagged-Token Dataflow Architecture},
  journal = {IEEE Trans. Comput.},
  issue_date = {March 1990},
  volume = {39},
  number = {3},
  month = mar,
  year = {1990},
  issn = {0018-9340},
  pages = {300--318},
  numpages = {19},
  howpublished = "\url{http://dx.doi.org/10.1109/12.48862}",
  doi = {10.1109/12.48862},
  acmid = {78583},
  publisher = {IEEE Computer Society},
  address = {Washington, DC, USA},
  keywords = {Id, {MIT} tagged-token dataflow architecture, compilation, determinacy, dynamic dataflow graphs, fine-grained parallelism, general-purpose high-performance parallel computing, high level languages, high-level language, multiprocessor architecture, operational semantics, parallel architectures, parallel machine language, parallel programming, program compilers.},
} 

@INPROCEEDINGS{ Lucid95,
  author = {R. Jagannathan},
  title = {Coarse-Grain Dataflow Programming of Conventional Parallel Computers},
  booktitle = {Advanced Topics in Dataflow Computing and Multithreading},
  year = {1995},
  pages = {113--129},
  publisher = {IEEE Computer Society Press}
}

@inproceedings{CGD09,
   author = {Soviani, A and Singh, J.P.},
   title = {Optimizing Communication Scheduling Using Dataflow Semantics},
   booktitle = {Proc. ICPP},
   year = {2009},
   pages = {301--308},
} 

@inproceedings{ Realm14,
  author = { Treichler, Sean and Bauer, Michael and Aiken, Alexander },
  title = {Realm: An Event-Based Low-Level Runtime for Distributed Memory Architectures},
  booktitle = {Parallel Algorithms and Compilation Techniques},
  series = {PACT '14}
  year = {2014},
}

@article{ StarPu11,
  author = {Augonnet, C\'edric and Thibault, Samuel and Namyst, Raymond and Wacrenier, Pierre-Andr\'e},
  title = {{StarPU}: A Unified Platform for Task Scheduling on Heterogeneous Multicore Architectures},
  journal = {Concurr. Comput. : Pract. Exper.},
  issue_date = {February 2011},
  volume = {23},
  number = {2},
  month = feb,
  year = {2011},
  issn = {1532-0626},
  pages = {187--198},
  numpages = {12},
  howpublished = "\url{http://dx.doi.org/10.1002/cpe.1631}",
  doi = {10.1002/cpe.1631},
  acmid = {1951454},
  publisher = {John Wiley and Sons Ltd.},
  address = {Chichester, UK},
  keywords = {GPU, accelerator, multicore, runtime system, scheduling},
} 

@inproceedings{stonebraker2005c,
  title={C-store: {A} Column-Oriented {DBMS}},
  author={Stonebraker, Mike and others},
  booktitle={Proc. of the 31st International Conference on Very Large Data Bases},
  pages={553--564},
  year={2005}
}

@article{S3D09,
  author={J H Chen and A Choudhary and B de Supinski and M DeVries and E R Hawkes and S Klasky and W K Liao and K L Ma and J Mellor-Crummey and N Podhorszki and R Sankaran and S Shende and C S Yoo},
  title={Terascale direct numerical simulations of turbulent combustion using {S3D}},
  journal={Computational Science and Discovery},
  pages={015001},
  year={2009},
}

@inproceedings{S3DACC12,
  author = {Levesque, J. and Sankaran, R. and Grout, R.},
  title = {Hybridizing {S3D} into an exascale application using {OpenACC}: An Approach for Moving to Multi-Petaflops and Beyond},
  series = {SC '12},
  year = {2012},
  pages = {15:1--15:11},
} 

@inproceedings{Chilimbi99,
  author = {Chilimbi, Trishul M. and Davidson, Bob and Larus, James R.},
  title = {Cache-conscious Structure Definition},
  series = {PLDI},
  year = {1999},
  pages = {13--24},
} 

@article{CHEMKIN96,
  author = {Kee, R.J. and Rupley, F.M and Meeks, E.},
  title = {CHEMKIN-III: A Fortran Chemical Kinetics Package for the Analysis of Gas-Phase Chemical and Plasma Kinetics},
  year = {1996},
}

@book{Hamming86,
  author = {Hamming, R.},
  title = {Numerical methods for scientists and engineers (2nd ed.)},
  year = {1986},
  publisher = {Dover Publications, Inc.},
  address = {New York, NY, USA},
} 

@misc{Top500,
  title = {Top 500 Supercomputers},
  month = {June},
  year  = {2014},
  howpublished = "\url{http://www.top500.org}",
}

@misc{OpenACC,
  title = {{OpenACC} Standard},
  year = {2013},
  howpublished = "\url{http://www.openacc-standard.org}",
}

@misc{GAMPI,
  title = {Genetic Algorithm for {MPI} Placement},
  year = {2014},
  howpublished = "\url{https://github.com/ramanan/gampi}",
}

@misc{IntelMPSS,
  title = {Intel Manycore Platform Software Stack},
  year = {2013},
  howpublished = "\url{http://software.intel.com/en-us/articles/intel-manycore-platform-software-stack-mpss}",
}

@inproceedings{ PARSEC09,
  author = {Christian B. and Kai L.},
  title = {PARSEC 2.0: A New Benchmark Suite for Chip-Multiprocessors},
  booktitle = {Proceedings of the 5th Annual Workshop on Modeling, Benchmarking and Simulation},
  year = {2009},
  month = {June}
}

@inproceedings{LONESTAR09,
  author = {Kulkarni, M. and Burtscher, M. and Cas\c{c}aval, C. and Pingali, K.},
  title = {Lonestar: {A} Suite of Parallel Irregular Programs},
  booktitle = {ISPASS '09: IEEE International Symposium on Performance Analysis of Systems and Software},
  year = {2009},
}

@misc{ NASPAR,
  title = {{NAS} Parallel Benchmark Suite},
  year = {2013},
  howpublished = "\url{www.nas.nasa.gov/publications/npb.html}",
}

@article{Mantevo08,
  author={M A Heroux},
  title={Design issues for numerical libraries on scalable multicore architectures},
  journal={Journal of Physics: Conference Series},
  volume={125},
  number={1},
  pages={012035},
  url={http://stacks.iop.org/1742-6596/125/i=1/a=012035},
  year={2008},
}

@INPROCEEDINGS{RODINA09,
  authors={S. Che and Boyer, M. and J. Meng and Tarjan, D. and Sheaffer, J.W. and Sang-Ha Lee and Skadron, K.},
  author={S. Che and others},
  booktitle={Workload Characterization, 2009. IISWC 2009. IEEE International Symposium on},
  title={Rodinia: A benchmark suite for heterogeneous computing},
  year={2009},
  pages={44-54},
}

@article{Eraser97,
  author = {Savage, S. and others},
  title = {Eraser: A Dynamic Data Race Detector for Multithreaded Programs},
  journal = {ACM Trans. Comput. Syst.},
  month = nov,
  year = {1997},
} 

@inproceedings{ DPJ09,
  author = {Bocchino,Jr., Robert L. and Adve, Vikram S. and Dig, Danny and Adve, Sarita V. and Heumann, Stephen and Komuravelli, Rakesh and Overbey, Jeffrey and Simmons, Patrick and Sung, Hyojin and Vakilian, Mohsen},
  title = {A Type and Effect System for Deterministic Parallel {Java}},
  booktitle = {Proceedings of the 24th ACM SIGPLAN Conference on Object Oriented Programming Systems Languages and Applications},
  series = {OOPSLA '09},
  year = {2009},
  isbn = {978-1-60558-766-0},
  location = {Orlando, Florida, USA},
  pages = {97--116},
  numpages = {20},
  howpublished = "\url{http://doi.acm.org/10.1145/1640089.1640097}",
  doi = {10.1145/1640089.1640097},
  acmid = {1640097},
  publisher = {ACM},
  address = {New York, NY, USA},
  keywords = {commutativity, determinism, deterministic parallelism, effect systems, effects},
} 

@inproceedings{ DPJ11,
  author = {Bocchino,Jr., Robert L. and Heumann, Stephen and Honarmand, Nima and Adve, Sarita V. and Adve, Vikram S. and Welc, Adam and Shpeisman, Tatiana},
  title = {Safe Nondeterminism in a Deterministic-by-default Parallel Language},
  booktitle = {Proceedings of the 38th Annual ACM SIGPLAN-SIGACT Symposium on Principles of Programming Languages},
  series = {POPL '11},
  year = {2011},
  isbn = {978-1-4503-0490-0},
  location = {Austin, Texas, USA},
  pages = {535--548},
  numpages = {14},
  howpublished = "\url{http://doi.acm.org/10.1145/1926385.1926447}",
  doi = {10.1145/1926385.1926447},
  acmid = {1926447},
  publisher = {ACM},
  address = {New York, NY, USA},
  keywords = {atomic sections, atomicity, data race freedom, determinism, effect systems, effects, nondeterminism, parallel programming languages, strong isolation, tranasctions, transactional memory},
} 

@inproceedings{Hawkins11,
  author = {Hawkins, Peter and Aiken, Alex and Fisher, Kathleen and Rinard, Martin and Sagiv, Mooly},
  title = {Data Representation Synthesis},
  booktitle = {Proceedings of the 32Nd ACM SIGPLAN Conference on Programming Language Design and Implementation},
  series = {PLDI '11},
  year = {2011},
  isbn = {978-1-4503-0663-8},
  location = {San Jose, California, USA},
  pages = {38--49},
  numpages = {12},
  howpublished = "\url{http://doi.acm.org/10.1145/1993498.1993504}",
  doi = {10.1145/1993498.1993504},
  acmid = {1993504},
  publisher = {ACM},
  address = {New York, NY, USA},
  keywords = {composite data structures, synthesis},
} 


@inproceedings{Harris05,
   author = {Harris, T. and Marlow, S. and Peyton-Jones, S. and Herlihy, M.},
   title = {Composable memory transactions},
   booktitle = {PPOPP},
   year = {2005},
   pages = {48--60},
} 

@inproceedings{Steffan00,
   author = {Steffan, J. and Colohan, C. and Zhai, A. and Mowry, T.},
    title = {A scalable approach to thread-level speculation},
    series = {ISCA},
    year = {2000},
    pages = {1--12},
} 

@inproceedings{Tofte94,
  author = {Tofte, M. and Talpin, J.P.},
  title = {Region-Based Memory Management},
  booktitle = {POPL},
  year = {1994},
%  pages = {188--201},
}

@inproceedings{Aiken95,
   author = {Aiken, A. and F\"{a}hndrich, M. and Levien, R.},
   title = {Better static memory management: improving region-based analysis of higher-order languages},
   booktitle = {Proceedings of the ACM SIGPLAN conference on Programming language design and implementation},
   year = {1995},
   pages = {174--185},
} 

@inproceedings{Henglein01,
   author = {Henglein, F. and Makholm, H. and Niss, H.},
   title = {A direct approach to control-flow sensitive region-based memory management},
   booktitle = {Proceedings of the 3rd ACM SIGPLAN international conference on Principles and practice of declarative programming},
   year = {2001},
   pages = {175--186},
} 

@article{Walker00,
   author = {Walker, D. and Crary, K. and Morrisett, G.},
   title = {Typed memory management via static capabilities},
   journal = {ACM Trans. Program. Lang. Syst.},
   year = {2000},
   pages = {701--771},
} 

@inproceedings{ Cyclone02,
  author = {Grossman, Dan and Morrisett, Greg and Jim, Trevor and Hicks, Michael and Wang, Yanling and Cheney, James},
  title = {Region-based Memory Management in Cyclone},
  booktitle = {Proceedings of the ACM SIGPLAN 2002 Conference on Programming Language Design and Implementation},
  series = {PLDI '02},
  year = {2002},
  isbn = {1-58113-463-0},
  location = {Berlin, Germany},
  pages = {282--293},
  numpages = {12},
  howpublished = "\url{http://doi.acm.org/10.1145/512529.512563}",
  doi = {10.1145/512529.512563},
  acmid = {512563},
  publisher = {ACM},
  address = {New York, NY, USA},
} 

@inproceedings{ RC01,
  author = {Gay, David and Aiken, Alex},
  title = {Language Support for Regions},
  booktitle = {Proceedings of the ACM SIGPLAN 2001 Conference on Programming Language Design and Implementation},
  series = {PLDI '01},
  year = {2001},
  isbn = {1-58113-414-2},
  location = {Snowbird, Utah, USA},
  pages = {70--80},
  numpages = {11},
  howpublished = "\url{http://doi.acm.org/10.1145/378795.378815}",
  doi = {10.1145/378795.378815},
  acmid = {378815},
  publisher = {ACM},
  address = {New York, NY, USA},
} 

@inproceedings{ Halide13,
  author = {Ragan-Kelley, Jonathan and Barnes, Connelly and Adams, Andrew and Paris, Sylvain and Durand, Fr{\'e}do and Amarasinghe, Saman},
  title = {Halide: A Language and Compiler for Optimizing Parallelism, Locality, and Recomputation in Image Processing Pipelines},
  booktitle = {Proceedings of the 34th ACM SIGPLAN Conference on Programming Language Design and Implementation},
  series = {PLDI '13},
  year = {2013},
  isbn = {978-1-4503-2014-6},
  location = {Seattle, Washington, USA},
  pages = {519--530},
  numpages = {12},
  howpublished = "\url{http://doi.acm.org/10.1145/2491956.2462176}",
  doi = {10.1145/2491956.2462176},
  acmid = {2462176},
  publisher = {ACM},
  address = {New York, NY, USA},
  keywords = {autotuning, compiler, domain specific language, gpu, image processing, locality, optimization, parallelism, redundant computation, vectorization},
} 

@inproceedings{ Terra13,
  author = {DeVito, Zachary and Hegarty, James and Aiken, Alex and Hanrahan, Pat and Vitek, Jan},
  title = {Terra: A Multi-stage Language for High-performance Computing},
  booktitle = {Proceedings of the 34th ACM SIGPLAN Conference on Programming Language Design and Implementation},
  series = {PLDI '13},
  year = {2013},
  isbn = {978-1-4503-2014-6},
  location = {Seattle, Washington, USA},
  pages = {105--116},
  numpages = {12},
  howpublished = "\url{http://doi.acm.org/10.1145/2491956.2462166}",
  doi = {10.1145/2491956.2462166},
  acmid = {2462166},
  publisher = {ACM},
  address = {New York, NY, USA},
  keywords = {dsl, lua, staged computation},
} 

@inproceedings{Lucassen88,
   author = {Lucassen, J. M. and Gifford, D. K.},
   title = {Polymorphic effect systems},
   booktitle = {Proceedings of the 15th ACM SIGPLAN-SIGACT symposium on Principles of programming languages},
   year = {1988},
   pages = {47--57},
} 

@inproceedings{Boyapati03,
   author = {Boyapati, C. and Liskov, B. and Shrira, L.},
   title = {Ownership types for object encapsulation},
   booktitle = {POPL},
   year = {2003},
%   pages = {213--223},
} 

@inproceedings{Clarke02,
   author = {Clarke, D. and Drossopoulou, S.},
   title = {Ownership, Encapsulation and the Disjointness of Type and Effect},
   booktitle = {OOPSLA},
   year = {2002},
%   pages = {292--310},
} 

@inproceedings{Cameron07,
   author = {Cameron, N. R. and Drossopoulou, S. and Noble, J. and Smith, M. J.},
   title = {Multiple ownership},
   booktitle = {OOPSLA},
   year = {2007},
   pages = {441--460},
} 

@inproceedings{Lu06,
   author = {Lu, Y. and Potter, J.},
   title = {Protecting representation with effect encapsulation},
   booktitle = {Conference record of the 33rd ACM SIGPLAN-SIGACT symposium on Principles of programming languages},
   year = {2006},
   pages = {359--371},
} 

@inproceedings{Boyapati02,
   author = {Boyapati, C. and Lee, R. and Rinard, M.},
   title = {Ownership types for safe programming: preventing data races and deadlocks},
   booktitle = {Proceedings of the 17th ACM SIGPLAN conference on Object-oriented programming, systems, languages, and applications},
   year = {2002},
   pages = {211--230},
}

@article{Abadi06,
   author = {Abadi, M. and Flanagan, C. and Freund, S. N.},
   title = {Types for safe locking: Static race detection for {Java}},
   journal = {ACM Trans. Program. Lang. Syst.},
   year = {2006},
   pages = {207--255},
} 

@article{Jacobs08,
   author = {Jacobs, B. and Piessens, F. and Smans, J. and Leino, K. Rustan M. and Schulte, W.},
   title = {A programming model for concurrent object-oriented programs},
   journal = {ACM Trans. Program. Lang. Syst.},
   year = {2008},
   pages = {1:1--1:48},
} 

@inproceedings{Reynolds02,
   author = {Reynolds, J. C.},
   title = {Separation Logic: A Logic for Shared Mutable Data Structures},
   booktitle = {IEEE Symposium on Logic in CS},
   year = {2002},
%   pages = {55--74},
} 

@article{Rinard98,
   author = {Rinard, M. C. and Lam, M. S.},
   title = {The design, implementation, and evaluation of {Jade}},
   journal = {ACM Trans. Program. Lang. Syst.},
   year = {1998},
} 

@inproceedings{Hayman06,
  author={Hayman, J. and Winskel, G.},
  title={Independence and Concurrent Separation Logic},
  booktitle={Logic in Computer Science, 2006 21st Annual IEEE Symposium on}, 
  year={2006},
  pages={147 -156},
}

@incollection{Brookes04,
  author = {Brookes, S.},
  title = {A Semantics for Concurrent Separation Logic},
  booktitle = {CONCUR},
  series = {Lecture Notes in Computer Science},
  pages = {16-34},
  year = {2004},
}

@incollection{Raza09,
  author = {Raza, M. and Calcagno, C. and Gardner, P.},
  title = {Automatic Parallelization with Separation Logic},
  booktitle = {Programming Languages and Systems},
  series = {Lecture Notes in Computer Science},
  pages = {348-362},
  year = {2009},
}

@inproceedings{Gotsman07,
   author = {Gotsman, A. and Berdine, J. and Cook, B. and Sagiv, M.},
   title = {Thread-Modular Shape Analysis},
   booktitle = {PLDI},
   year = {2007},
} 

@ARTICLE{Keeneland,
  author={Vetter, J.S. and others},
  journal={Computing in Science Engineering}, 
  title={Keeneland: Bringing Heterogeneous {GPU} Computing to the Computational Science Community},
  year={2011},
  pages={90 -95},
}

@inproceedings{REAPS02,
   author = {Berger, E. D. and Zorn, B. G. and McKinley, K. S.},
    title = {Reconsidering custom memory allocation},
     booktitle = {OOPSLA},
       year = {2002},
          pages = {1--12},
} 

@inproceedings{BCSA11,
 author = {Bauer, M. and Clark, J. and Schkufza, E. and Aiken, A.},
 title = {Programming the Memory Hierarchy Revisited: {S}upporting Irregular Parallelism in {S}equoia},
 booktitle = {Proceedings of the Symposium on Principles and Practice of Parallel Programming},
 year = {2011},
% pages = {13--24}
} 

@misc{ BoxLib,
  author = {M. Lijewski and A. Nonaka and J. Bell},
  title = {BoxLib},
  year = "2011",
  howpublished = "\url{https://ccse.lbl.gov/BoxLib/index.html}",
}

@techreport{ Chombo,
  author = {Adams, M. and Colella, P. and Graves, D. T. and  Johnson, J. N. and  Keen, N. D. and Ligocki, T. J. and Martin, D. F. and McCorquodale, P. W. and Modiano, D. and Schwartz, P. O. and Sternberg, T. D. and Van Straalen, B.},
  title = {Chombo Software Package for {AMR} Applications - Design Document}, 
  number = {LBNL-6616E},
  howpublished = "\url{https://seesar.lbl.gov/anag/chombo/ChomboDesign-3.1.pdf}",
  year = {2014},
}

@techreport{ GASNet02,
  author = { Bonachea, Dan },
  title = {GASNet Specification v1.1},
  number = {UCB/CSD-02-1207}
  howpublished = "\url{http://digitalassets.lib.berkeley.edu/techreports/ucb/text/CSD-02-1207.pdf}",
  year = {2002},
}

@techreport{ CrayGemini,
  title = { {T}he {G}emini {N}etwork },
  year = { 2010 },
  howpublished = "\url{http://wiki.ci.uchicago.edu/pub/Beagle/SystemSpecs/Gemini_whitepaper.pdf}",
}

@techreport{ Tegra,
  title = { Variable SMP - A Multi-Core CPU Architecture for Low Power and High Performance },
  year = { 2014 },
  howpublished = "\url{http://www.nvidia.com/content/PDF/tegra_white_papers/tegra-whitepaper-0911b.pdf}",
}

@inproceedings{ DarkSilicon11,
 author = {Esmaeilzadeh, Hadi and Blem, Emily and St. Amant, Renee and Sankaralingam, Karthikeyan and Burger, Doug},
 title = {Dark Silicon and the End of Multicore Scaling},
 booktitle = {Proceedings of the 38th Annual International Symposium on Computer Architecture},
 series = {ISCA '11},
 year = {2011},
 isbn = {978-1-4503-0472-6},
 location = {San Jose, California, USA},
 pages = {365--376},
 numpages = {12},
 howpublished = "\url{http://doi.acm.org/10.1145/2000064.2000108}",
 doi = {10.1145/2000064.2000108},
 acmid = {2000108},
 publisher = {ACM},
 address = {New York, NY, USA},
 keywords = {dark silicon, modeling, multicore, power, technology scaling},
} 

@misc{ CUDA,
  title = {{CUDA} Programming Guide 5.5},
  month = {February},
  year  = {2014},
  howpublished = "\url{http://developer.download.nvidia.com/compute/DevZone/docs/html/C/doc/CUDA_C_Programming_Guide.pdf}",
}



@inproceedings{RC01,
   author = {Gay, D. and Aiken, A.},
    title = {Language support for regions},
     booktitle = {PLDI},
       year = {2001},
          pages = {70--80},
} 

@TECHREPORT{CYCLONE01,
      author = {D. Grossman and others},
          title = {Formal type soundness for {C}yclone’s region system},
              institution = {},
                  year = {2001}
}

@inproceedings{PRIVLIGES09,
   author = {Marino, Daniel and Millstein, Todd},
    title = {A generic type-and-effect system},
     booktitle = {TLDI},
       year = {2009},
          pages = {39--50},
} 

@inproceedings{CAPABILITIES09,
   author = {Stork, Sven and Marques, Paulo and Aldrich, Jonathan},
    title = {Concurrency by default: using permissions to express dataflow in stateful programs},
     booktitle = {Proceeding of the 24th ACM SIGPLAN conference companion on Object oriented programming systems languages and applications},
      series = {OOPSLA '09},
       year = {2009},
        isbn = {978-1-60558-768-4},
         location = {Orlando, Florida, USA},
          pages = {933--940},
           numpages = {8},
            url = {http://doi.acm.org/10.1145/1639950.1640060},
             doi = {http://doi.acm.org/10.1145/1639950.1640060},
              acmid = {1640060},
               publisher = {ACM},
                address = {New York, NY, USA},
                 keywords = {access permissions, concurrency, dataflow, programming language},
} 

@incollection{minisat,
author = {E\'{e}n, N. and S\"{o}rensson, N.},
booktitle = {Theory and Applications of Satisfiability Testing },
journal = {Theory and Applications of Satisfiability Testing},
pages = {333--336},
title = {An Extensible {SAT}-solver},
year = {2004}
}

@inproceedings{Ren08,
 author = {M. Ren and J. Y. Park and M. Houston and A. Aiken and W. Dally},
 title = {A Tuning Framework for Software-managed Memory Hierarchies},
 booktitle = {  Int'l Conference on Parallel Architectures and Compilation Techniques},
 year = {2008},
 pages = {280--291}
 }

@inproceedings{Houston08,
 author = {M. Houston and others},
 title = {A Portable Runtime Interface for Multi-level Memory Hierarchies},
 booktitle = {  Symposium on Principles and Practice of Parallel Programming},
 year = {2008},
 pages = {143--152}
 }

@inproceedings{Knight07,
 author = {T. Knight and others},
 title = {Compilation for Explicitly Managed Memory Hierarchies},
 booktitle = {  Symposium on Principles and Practice of Parallel Programming},
 year = {2007},
 pages = {226--236}
 }

@ARTICLE{ Chapel07,
  author = {Bradford L. Chamberlain and David Callahan and Hans P. Zima},
  title = {Parallel Programmability and the {Chapel} Language},
  journal = {Int. J. High Perform. Comput. Appl},
  year = {2007},
  pages = {1094--3420}
}

@Article{CHAPEL11,
  author = {B.L. Chamberlain and S. Choi and S. Deitz and D. Iten and V. Litvinov},
  title = "{Authoring User-Defined Domain Maps in {Chapel}}",
  booktitle = {CUG},
  year = {2011},
}

@Article{CHAPELGPU,
  author = {A. Sidelnik and others},
  title = "{Using the High Productivity Language {Chapel} to Target GPGPU Architectures}",
  booktitle = {IDEALS},
  year = {2011},
}

@Misc{Khronos:OpenCL,
  key = 	 {Khronos},
  title = 	 "{The OpenCL Specification, Version 1.0}",
  howpublished = {The Khronos OpenCL Working Group},
  month = {December},
  year = 	 {2008}
}


@inproceedings{ Sequoia06,
 author = {Fatahalian, Kayvon and Horn, Daniel Reiter and Knight, Timothy J. and Leem, Larkhoon and Houston, Mike and Park, Ji Young and Erez, Mattan and Ren, Manman and Aiken, Alex and Dally, William J. and Hanrahan, Pat},
 title = {Sequoia: Programming the Memory Hierarchy},
 booktitle = {Proceedings of the 2006 ACM/IEEE Conference on Supercomputing},
 series = {SC '06},
 year = {2006},
 isbn = {0-7695-2700-0},
 location = {Tampa, Florida},
 articleno = {83},
 howpublished = "\url{http://doi.acm.org/10.1145/1188455.1188543}",
 doi = {10.1145/1188455.1188543},
 acmid = {1188543},
 publisher = {ACM},
 address = {New York, NY, USA},
} 

@inproceedings{hpt,
	title={Hierarchical Place Trees: A Portable Abstraction for Task Parallelism and Data Movement},
	author={Y. Yan and J. Zhao and Y. Guo and V. Sarkar},
	booktitle="Workshop on Languages and Compilers for Parallel Computing",
	year="2009"
}

@InProceedings{Hall:DIVA,
  author = 	 {M. Hall and P. Kogge and J. Koller and P. Diniz and J. Chame and J. Draper and J. LaCoss and J. Granacki and J. Brockman and A. Srivastava and W. Athas and V. Freeh and J. Shin and J. Park},
  title = 	 "{Mapping Irregular Applications to DIVA, a PIM-based data-intensive Architecture}",
  series = {SC '99},
  year = 	 {1999}
}


@inproceedings{Marty07,
  author = {Marty, M. R. and Hill, M. D.},  
  title = "{Virtual Hierarchies to Support Server Consolidation}",  
  booktitle = ISCA,  
  year = {2007},  
  pages = {46--56},
  month = {June},
}

@techreport{Dongarra:IESP10,
  author = {J. Dongarra and others},
  title = "{International Exascale Software Project Roadmap}",
  institution =  {University of Tennessee},
  year = 	 {2010},
  number = 	 {UT-CS-10-652},
  month = 	 {January}
}

@TechReport{Sarkar:ExscaleSW,
  author = 	 {V. Sarkar and others},
  title = 	 "{ExaScale Software Study: Software Challenges in Extreme Scale Systems}",
  institution =  {DARPA Information Processing Techniques Office},
  year = 	 {2009},
  month = 	 {September}
}

@InProceedings{Multicore-CnC,
  author = 	 {Z. Budimli\'{c} and A. Chandramowlishwaran and K. Knobe and G. Lowney and V. Sarkar and L. Treggiar},
  title = 	 "{Multi-core Implementations of the Concurrent Collections Programming Model}",
  booktitle = {Proceedings  Workshop on Compilers for Parallel Computing (CPC)},
  year = 	 {2009},
  month = 	 {January}
}


@inbook{ CVBR,
    author = "A. Aho and R. Sethi and J. D. Ullman",
    title  = "Compilers: {P}rinciples, {T}echniques, and {T}ools",
    publisher = "Addison-Wesley",
    year = "1986" }

@inproceedings{ ALP93,
    author = "B. Alpern and L. Carter and J. Ferrante",
    title = "Modeling Parallel Computers as Memory Hierarchies",
    booktitle = " Programming Models for Massively Parallel Computers",
    year = "1993"
}


@article{ ALP94,
    author = "Bowen Alpern and Larry Carter and Ephraim Feig and Ted Selker",
    title = "The Uniform Memory Hierarchy Model of Computation",
    journal = "Algorithmica",
    volume = "12",
    number = "2/3",
    pages = "72-109",
    year = "1994"
}


@inproceedings{CELL05,
    author = "D. Pham and S. Asano and M. Bolliger and  M. N. Day and  H. P. Hofstee and C. Johns and J. Kahle and A. Kameyama and J. Keaty and Y. Masubuchi and M. Riley and D. Shippy and D. Stasiak and M. Suzuoki and M. Wang and J. Warnock and S. Weitzel and D. Wendel and T. Yamazaki and K. Yazawa",
    title = "The Design and Implementation of a First-Generation {CELL} Processor",
    booktitle = "IEEE Int'l Solid-State Circuits Conference",
    year = "2005" }

@misc{ MKL,
  author = "{Intel}",
  title = "Math Kernel Library",
  year = "2005",
  howpublished = "{http://www.intel.com/software/products/mkl}"
}

@misc{ ELSA,
  author = "S. McPeak and D. Wilkerson",
  title = "Elsa: {T}he {E}lkhound-based {C}/{C}++ {P}arser",
  text = "S. McPeak and D. Wilderson. Elsa: The Elkhound-based {C}/{C++} Parser. http://www.cs.berkeley.edu/~smcpeak/elkhound, 2005",
  year = "2005",
  howpublished = "{http://www.cs.berkeley.edu/\~{}smcpeak/elkhound}",
  url = "http://www.cs.berkeley.edu/~smcpeak/elkhound" }

@misc{ IBMFFT,
  author = "A. Chow and G. Fossum and D Brokenshire",
  title = "A Programming Example: Large {FFT} on the {C}ell {B}roadband {E}ngine",
  text = "Foobar",
  year = "2005",
  url = "http://www-306.ibm.com/chips/techlib/techlib.nsf/techdocs/0AA2394A505EF0FB872570AB005BF0F1" }


@inproceedings{ ALP95,
  author = "B. Alpern and L. Carter and J. Ferrante",
  title = "Space-limited procedures: A methodology for portable high performance",
  booktitle= "Int'l Working Conference on Massively
    Parallel Programming Models",
  year = "1995"
}



@inproceedings{ CILK95,
    author = "R. Blumofe and C. Joerg and B. Kuszmaul and C. Leiserson and K. Randall
      and Y. Zhou",
    title = "{Cilk}: An Efficient Multithreaded Runtime System",
    booktitle = " Symposium on Principles and Practice of Parallel Programming",
    year = "1995"
}



% KAYVON: do we cite this paper or give the most recent cition on the project
@InProceedings{FFTW99,
  author = 	 {Frigo, Matteo},
  title = 	 {A fast {Fourier} transform compiler},
  booktitle = 	 { 1999 ACM SIGPLAN Conf. on Programming Language Design and Implementation},
  pages =	 {169--180},
  year =	 1999,
  volume =	 34,
  number =	 5,
  month =	 {May},
}

@inproceedings{FRIGO99,
 author = {Matteo Frigo and Charles E. Leiserson and Harald Prokop and Sridhar Ramachandran},
 title = {Cache-Oblivious Algorithms},
 booktitle = {FOCS '99: Proceedings  40th Annual Symposium on Foundations of Computer Science},
 year = {1999},
 pages = {285}
 }

@inproceedings{FRIGO05,
 author = {Matteo Frigo and Volker Strumpen},
 title = {Cache oblivious stencil computations},
 booktitle = {  Int'l Conference on Supercomputing},
 year = {2005},
 isbn = {1-59593-167-8},
 pages = {361--366},
 location = {Cambridge, Massachusetts},
 }

@ARTICLE{ATLAS01,
AUTHOR         = "R. Clint Whaley and Antoine Petitet and Jack J. Dongarra",
TITLE          = "Automated Empirical Optimization of Software and the
                 {ATLAS} Project",
JOURNAL        = "Parallel Computing",
VOLUME         = "27",
NUMBER         = "1--2",
PAGES          = "3--35",
YEAR           = 2001,
}

@phdthesis{SCKC02,
    author = {Peter Mattson},
    title = {A Programming System for the {I}magine {M}edia {P}rocessor},
    year = {2002},
    school = {Stanford University}
}


@article{BUCK04,
 author = {Ian Buck and Tim Foley and Daniel Horn and Jeremy Sugerman and Kayvon Fatahalian and Mike Houston and Pat Hanrahan},
 title = {Brook for {GPU}s: {S}tream computing on graphics hardware},
 journal = {ACM Trans. Graph.},
 volume = {23},
 number = {3},
 year = {2004},
 issn = {0730-0301},
 pages = {777--786},
 doi = {http://doi.acm.org/10.1145/1015706.1015800},
 }


@inproceedings{ TIT98,
    author = "K. Yelick and others",
    title = "{Titanium}: {A} High-Performance {Java} Dialect",
    booktitle = "Workshop on {Java} for High-Performance Network Computing",
    year = "1998"
}

@article{CHORE93,
 author = {Derek L. Eager and John Jahorjan},
 title = {Chores: {E}nhanced run-time support for shared-memory parallel computing},
 journal = {ACM Trans. Comput. Syst.},
 volume = {11},
 number = {1},
 year = {1993},
 issn = {0734-2071},
 pages = {1--32},
 doi = {http://doi.acm.org/10.1145/151250.151251},
 }

@article{ALV93,
 author = {G. A. Alverson and D. Notkin},
 title = {Program Structuring for Effective Parallel Portability},
 journal = {IEEE Trans. Parallel Distrib. Syst.},
 volume = {4},
 number = {9},
 year = {1993},
 issn = {1045-9219},
 pages = {1041--1059},
 doi = {http://dx.doi.org/10.1109/71.243530},
 publisher = {IEEE Press},
 address = {Piscataway, NJ, USA},
 }


@inproceedings{X1008,
   author = {Chandra, S. and others},
    title = {Type inference for locality analysis of distributed data structures},
     booktitle = {PPoPP},
       year = {2008},
          pages = {11--22},
} 

@inproceedings{X1011,
  author = {M. Joyner and Z. Budimlic and V. Sarkar},
  title = {Subregion Analysis and Bounds Check Elimination for High Level Arrays},
  booktitle = {Compiler Construction},
  year = {2011},
  pages = {246-265}
}

@misc{X10GPU,
  title = {X10 2.1 CUDA Support},
  year = {2011},
  howpublished = "\url{x10.codehaus.org/X10+2.1+CUDA}",
}


@inproceedings{ZPL04,
  author = {Steven J. Deitz and Bradford L. Chamberlain and Lawrence Snyder},
  title = {Abstractions for dynamic data distribution},
  booktitle = {Int'l Workshop on High-Level Parallel Programming Models and Supportive Environments},
  year = {2004},
  pages = {42--51}
  }


@inproceedings{CHAPEL04,
  author = { D. Callahan and B. L. Chamberlain and H. P. Zima},
  title = {The {C}ascade High Productivity Language},
  booktitle = {High-Level Parallel Programming Models and Supportive Environments},
  year = {2004},
  pages = {52--60}
  }


@article{JV:Ste2005,
  author = {Steele, G.},
  title = {Parallel Programming and Parallel Abstractions in Fortress},
  journal = {Int'l Conference on Parallel Architectures and Compilation Techniques (PACT)},
  pages = {157-157},
  year = {2005}
}


@inproceedings{VTN11,
  author = {Vandierendonch, H. and G. Tzenakis and D.S. Nikolopoulos},
  title = {A Unified Scheduler for Recursive and Task Dataflow Parallelism},
  booktitle = {Proceedings of the Conference on Parallel Architectures and Compilation Techniques},
  pages = {1-11},
  year = {2011}
}

@inproceedings{Tzenakis12,
 author = {Tzenakis, G. and Papatriantafyllou, A. and Kesapides, J. and Pratikakis, P. and Vandierendonck, H. and Nikolopoulos, D. S.},
 title = {{BDDT}: {B}lock-Level Dynamic Dependence Analysis for Deterministic Task-Based Parallelism},
 booktitle = {Proceedings of the Symposium on Principles and Practice of Parallel Programming},
 year = {2012},
 pages = {301--302}
} 


@inproceedings{EYJD12,
 author = {Eom, Y. and Yang, S. and Jenista, J. and Demsky, B.},
 title = {{DOJ}: {D}ynamically Parallelizing Object-Oriented Programs},
 booktitle = {Proceedings of the Symposium on Principles and Practice of Parallel Programming},
 year = {2012},
 pages = {85--96}
} 

@inproceedings{x10,
 author = {Charles, Philippe and Grothoff, Christian and Saraswat, Vijay and Donawa, Christopher and Kielstra, Allan and Ebcioglu, Kemal and von Praun, Christoph and Sarkar, Vivek},
 title = "{X10: an Object-Oriented Approach to Non-uniform Cluster Computing}",
 booktitle = {Proceeings  SIGPLAN Conference on Object-oriented Programming, Systems, Languages, and Applications (OOPSLA)},
 year = {2005},
 pages = {519--538}
}

@misc{FORTRESS,
  author =   "Eric Allen and David Chase and Victor Luchangco and Jan-Willem Maessen and Sukyoung Ryu and Guy Steele and Sam Tobin-Hochstadt.",
  title =    "The {F}ortress Language Specification Version 0.707.  {T}echnical Report",
  howpublished = {Sun Microsystems},
  year =     "2005",
}


@misc{UPC99,
  author =   "W. Carlson and J. Draper and D. Culler and K. Yelick and E. Brooks and K. Warren",
  title =    "Introduction to {UPC} and Language Specification",
  howpublished = {UC Berkeley Technical Report: CCS-TR-99-157},
  year =     "1999",
}

@misc{UPCSTANDARD,
  title = {{UPC} Language Specification v1.2},
  year = {2011},
  howpublished = "\url{upc.lbl.gov/docs/user/upc\_spec\_1.2.pdf}",
}

@inproceedings{GASNET07,
   author = {Yelick, K. and others},
    title = {Productivity and performance using partitioned global address space languages},
     booktitle = {PASCO},
       year = {2007},
          pages = {24--32},
} 



@inproceedings{ CULLER93,
    author = {David Culler and others},
    title = "Parallel programming in {S}plit-{C}",
    booktitle = "Supercomputing",
    pages = "262-273",
    year = "1993"
}


@inproceedings{MERRIMAC03,
  author = {W. J. Dally and P. Hanrahan and M. Erez and T. J. Knight and F. Labonte and J.-H. Ahn and N. Jayasena and U. J. Kapasi and A. Das and J. Gummaraju and I. Buck},
 title = {Merrimac: Supercomputing with Streams},
 booktitle = {{  Conference on Supercomputing}},
 year = {2003},
 isbn = {1-58113-695-1},
 pages = {35},
 address = {Phoenix, Arizona},
 }

@ARTICLE{GRAPE6A,
   author = {{Fukushige}, T. and {Makino}, J. and {Kawai}, A.},
    title = "{GRAPE-6A: A Single-Card GRAPE-6 for Parallel PC-GRAPE Cluster Systems}",
  journal = {Publications  Astronomical Society of Japan},
     year = {2005},
    month = {dec},
   volume = {57},
    pages = {1009-1021},
   adsurl = {http://adsabs.harvard.edu/cgi-bin/nph-bib_query?bibcode=2005PASJ...57.1009F&db_key=AST},
  adsnote = {Provided by the Smithsonian/NASA Astrophysics Data System}
}

@inproceedings{HMMER05,
 author = {Daniel Reiter Horn and Mike Houston and Pat Hanrahan},
 title = {Claw{HMMER}: A Streaming {HMM}er-Search Implementation},
 booktitle = {  Conference on Supercomputing},
 year = {2005},
 isbn = {1-59593-061-2},
 pages = {11},
 doi = {http://dx.doi.org/10.1109/SC.2005.18},
 publisher = {IEEE Computer Society},
 address = {Washington, DC, USA},
 }

@InProceedings{KAPASI02,
  author =     {Ujval Kapasi and William J. Dally and Scott Rixner and
               John D. Owens and Brucek Khailany},
  title =      {The {I}magine Stream Processor},
  booktitle =  {Proceedings 2002 IEEE Int'l Conference on
                Computer Design},
  pages =      {282--288},
  year =       {2002},
  OPTaddress = {Freiburg, Germany},
  month =       sep,
}

@inproceedings{Roadrunner08,
    author = {K. Barker and others},
    title = {Entering the {PetaFLOP} Era: The Architecture and Performance of {Roadrunner}},
    booktitle = SC,
    year = {2008},
}    
    


@techreport{JV:Car99a,
  author = {Carlson, W.W. and Draper, J.M. and Culler, D. and Yelick, K. and Brooks, E. and Warren, K.},
  title = "{Introduction to {UPC} and Language Specification}",
  institution = {Center for Computing Sciences, IDA},
  number = {CCS-TR-99-157},
  type = {Technical Report},
  year = {1999}
}

@article{ CoArray98,
  author = {Numrich, R.W. and Reid, J.},
  title = "{Co-Array Fortran for parallel programming}",
  journal = {ACM SIGPLAN FORTRAN Forum},
  volume = {17},
  number = {1998},
  pages = {1-31},
  year = {1998}
}

@INPROCEEDINGS{ Titanium98,
  author = {Kathy Yelick and Luigi Semenzato and Geoff Pike and Carleton Miyamoto and Ben Liblit and Arvind Krishnamurthy and Paul Hilfinger and Susan Graham and David Gay and Phil Colella and Alex Aiken},
  title = {Titanium: A High-Performance {Java} Dialect},
  journal = {Concurrency Practice and Experience},
  volume = {10},
  number = {11-13},
  pages = {825-836},
  year = {1998},
}

@misc{TITANIUMSTANDARD,
  title = {Titanium Language Reference Manual},
  year = {2005},
  howpublished = "\url{titanium.cs.berkeley.edu/doc/lang-ref.pdf}",
}


@book{MPI,
 author = {M. Snir and S. Otto and S. Huss-Lederman and D. Walker and J. Dongarra},
 title = {{MPI}-The Complete Reference},
 year = {1998},
 publisher = {{MIT} Press}
}

@article{OPENMP98,
 author = {Leonardo D. and Ramesh M.},
 title = {Open{MP}: An Industry-Standard {API} for Shared-Memory Programming},
 journal = {IEEE Comput. Sci. Eng.},
 volume = {5},
 number = {1},
 year = {1998},
 issn = {1070-9924},
 pages = {46--55},
 doi = {http://dx.doi.org/10.1109/99.660313},
 publisher = {IEEE Computer Society Press},
 address = {Los Alamitos, CA, USA},
 }

@inproceedings{WEI81,
 author = {Hong Jia-Wei and H. T. Kung},
 title = {{I/O} complexity: The red-blue pebble game},
 booktitle = {Symposium on Theory of Computing},
 year = {1981},
 pages = {326--333},
 location = {Milwaukee, Wisconsin, United States},
 }


@inproceedings{VIT02,
 author = {Jeffrey Scott Vitter},
 title = {External Memory Algorithms},
 booktitle = {Handbook of Massive Data Sets},
 year = {2002},
 pages = {359--416},
 publisher = {Kluwer Academic Publishers}
 }

@inproceedings{LIM01,
 author = {Amy W. Lim and Shih-Wei Liao and Monica S. Lam},
 title = {Blocking and Array Contraction across Arbitrarily Nested Loops using Affine Partitioning},
 booktitle = {Proceedings  Eighth ACM SIGPLAN Symposium on Principles and Practices of Parallel Programming},
 year = {2001},
 isbn = {1-58113-346-4},
 pages = {103--112},
 location = {Snowbird, Utah, United States},
 }

@article{GUST97,
 author = {F. G. Gustavson},
 title = {Recursion leads to automatic variable blocking for dense linear-algebra algorithms},
 journal = {IBM J. Res. Dev.},
 volume = {41},
 number = {6},
 year = {1997},
 issn = {0018-8646},
 pages = {737--756},
 publisher = {IBM Corp.},
 address = {Riverton, NJ, USA},
 }

@InProceedings{SVM,    
   author = {Francois Labonte and Peter Mattson and Ian Buck and Christos Kozyrakis and Mark Horowitz},
   title = {The Stream Virtual Machine},
   booktitle = {  Int'l Conference on Parallel Architectures and Compilation Techniques},
   year = {2004},
   month = {September}
}

@article{COARRAY_FORTRAN,
 author = {Robert W. Numrich and John Reid},
 title = {Co-array {F}ortran for Parallel Programming},
 journal = {SIGPLAN Fortran Forum},
 volume = {17},
 number = {2},
 year = {1998},
 pages = {1--31},
 doi = {http://doi.acm.org/10.1145/289918.289920}
}

@article{ TELESCOPING_2001,
 title={Telescoping Languages: A Strategy for Automatic Generation of Scientific Problem-Solving Systems from Annotated Libraries},
 author = {Ken Kennedy and Bradley Broom and Keith Cooper and Jack Dongarra and Rob Fowler and
Dennis Gannon and Lennart Johnsson and John Mellor-Crummey and Linda Torczon},
 journal = "Journal of Parallel Distributed Computing",
 volume = "61",
 pages = "1803--1826",
 month = "December",
 year = "2001"
}

@inproceedings{ BROADWAY_1999,
    author = "Samuel Z. Guyer and Calvin Lin",
    title = "An annotation language for optimizing software libraries",
    booktitle = "Second Conference on Domain-Specific Languages",
    pages = "39-52",
    month = "October",
    year = "1999",
    address = "Austin, Texas",
    url = "citeseer.ist.psu.edu/guyer99annotation.html"
}

@inproceedings{HTA06,
 author = {Ganesh Bikshandi and others},
 title = {Programming for parallelism and locality with hierarchically tiled arrays},
 booktitle = {  Symposium on Principles and Practice of Parallel Programming},
 year = {2006},
 pages = {48--57}
}

@article{SAMPLE_09,
  author    = {Nikolaj Leischner and
               Vitaly Osipov and
               Peter Sanders},
  title     = {{GPU} sample sort},
  journal   = {CoRR},
  volume    = {abs/0909.5649},
  year      = {2009}
}

@ARTICLE{MANYSAT,
  author = {Youssef Hamadi and Said Jabbour and Lakhdar Sais},
  title = {{ManySAT}: a Parallel {SAT} Solver},
  journal = JSAT,
  year = {2008},
  volume = {6},
  pages = {245--262},
  timestamp = {2009.11.05}
}

@INPROCEEDINGS{OSKI,
    author = {Richard Vuduc and James Demmel and Katherine Yelick},
    title = {{OSKI}: A library of automatically tuned sparse matrix kernels},
    booktitle = {Inst. of Physics Publishing},
    year = {2005}
}

@ARTICLE{MATRIXLIB,
    author = {Timothy A. Davis},
    title = {University of Florida Sparse Matrix Collection},
    journal = {NA Digest},
    year = {1994},
    volume = {92}
}

@INPROCEEDINGS{SPMVCLUSTER,
 author = {Lee, Seyong and Eigenmann, Rudolf},
 title = {Adaptive runtime tuning of parallel sparse matrix-vector multiplication on distributed memory systems},
 booktitle = SC,
 year = {2008},
 pages = {195--204},
}

@inproceedings{SPMVSMP,
 author = {Bulu\c{c}, Aydin and others},
 title = {Parallel sparse matrix-vector and matrix-transpose-vector multiplication using compressed sparse blocks},
 booktitle = {   Symposium on Parallelism in Algorithms and Architectures},
 year = {2009},
 pages = {233--244},
}

@phdthesis{ bienia11benchmarking,
  author = {C. Bienia},
  title = {Benchmarking Modern Multiprocessors},
  school = {Princeton University},
  year      = {2011},
  month     = {January}
}

@inproceedings{CML,
 author = {Berry, Dave and Milner, Robin and Turner, David N.},
 title = {A semantics for ML concurrency primitives},
 booktitle = {POPL},
 year = {1992},
 pages = {119--129},
} 
% booktitle = {Proceedings of the 19th ACM SIGPLAN-SIGACT symposium on Principles of programming languages},
% series = {POPL '92},
% isbn = {0-89791-453-8},
% location = {Albuquerque, New Mexico, United States},
% numpages = {11},
% url = {http://doi.acm.org/10.1145/143165.143191},
% doi = {10.1145/143165.143191},
% acmid = {143191},
% publisher = {ACM},
% address = {New York, NY, USA},

@article{codd1970,
  title={A relational model of data for large relational database},
  author={Codd, EF},
  journal={Communications of the ACM},
  volume={13},
  pages={377--387},
  year={1970}
}

@inproceedings{gray1976,
  title={Granularity of Locks and Degrees of Consistency in a Shared Data Base},
  author={Gray, J. and Lorie, R. and Putzolu, G. and Traiger, I.},
  booktitle={IFIP Working Conference on Modelling in Data Base Management Systems},
  pages={365--394},
  year={1976}
}

@inproceedings{pharr2012,
  title={{ISPC}: {A} {SPMD} Compiler for High-Performance {CPU} {P}rogramming},
  author={Pharr, M. and Mark, W.},
  booktitle={Innovative Parallel Computing (InPar), 2012},
  pages={1--13},
  year={2012},
  organization={IEEE}
}

@inproceedings{Gelado2010,
 author = {Gelado, I. and Stone, John E. and Cabezas, Javier and Patel, Sanjay and Navarro, Nacho and Hwu, Wen-mei W.},
 title = {An Asymmetric Distributed Shared Memory Model for Heterogeneous Parallel Systems},
 series = {ASPLOS XV},
 year = {2010},
} 

@article{padua1986,
  title={Advanced Compiler Optimizations for Supercomputers},
  author={Padua, D. and Wolfe, M.},
  journal={Communications of the ACM},
  volume={29},
  number={12},
  pages={1184--1201},
  year={1986},
  publisher={ACM}
}

@article{strzodka2012,
  title={Data Layout Optimization for Multi-Valued Containers in {OpenCL}},
  author={Strzodka, R.},
  journal={Journal of Parallel and Distributed Computing},
  volume={72},
  number={9},
  pages={1073--1082},
  year={2012},
  publisher={Elsevier}
}

@inproceedings{Che2011,
 author = {Che, S. and Sheaffer, J. W. and Skadron, K.},
 title = {Dymaxion: {O}ptimizing Memory Access Patterns for Heterogeneous Systems},
 booktitle = {Proceedings of the Conference for High Performance Computing, Networking, Storage and Analysis},
 year = {2011},
 pages = {1--11}
} 

@inproceedings{Catanzaro2014,
 author = {Catanzaro, B. and Keller, A. and Garland, M.},
 title = {A Decomposition for In-place Matrix Transposition},
 booktitle = {Proceedings of the Symposium on Principles and Practice of Parallel Programming},
 year = {2014},
 pages = {193--206}
} 
